=LDR  05797cas a2201297 a 4500
=001  011455584
=003  Uk
=005  20221231144200.0
=006  m\\\\\\\\d\\\\\\\\
=007  cr\un|||||||||
=008  010523c19989999enkqr\pss\\\\\0\\\\0eng\c
=FMT  \\$a  SE
=010  \\$a2001252346
=015  \\$aGBA8C7591$2bnb
=022  0\$a1460-2687$202
=035  \\$a(OCoLC)46997087$z(OCoLC)42859241
=037  \\$bBlackwell Science, Ltd., Osney Mead, Oxford OX2 0EL, United Kingdom$a???$cNo price
=037  \\$a???$bSpringer
=040  \\$aWAU$cWAU$dOCLCQ$dF#A$dOCLCQ$dUk
=042  \\$aukblsr
=050  14$aGV557
=082  04$a688.76$222
=130  0\$aSports engineering (Online)
=210  0\$aSports eng.$b(Online)
=222  \0$aSports engineering$b(Online)
=245  10$aSports engineering$h[electronic resource].
=260  \\$a[Oxford] :$bBlackwell Science,$c1998-
=260  3\$32008-$aLondon :$bSpringer London
=310  \\$aQuarterly,$b1999-
=321  \\$aTwo issues a year,$b1998
=336  \\$atext$2rdacontent
=337  \\$acomputer$2rdamedia
=338  \\$aonline resource$2rdacarrier
=362  1\$aPrint began with vol. 1, no. 1 (1998).
=500  \\$aDescription based on: Vol. 1, issue 2 (Nov. 1998); title from table of contents page (viewed May 23, 2001).
=500  \\$aLatest issue consulted: Vol. 11, no. 1 (Sept. 2008).
=530  \\$aAlso issued in print.
=538  \\$aMode of access: World Wide Web.
=540  \\$aCurrent copyright fee: GBP29.95$c22\1$5Uk
=650  \0$aSporting goods$xDesign and construction$xPeriodicals.
=650  \0$aSports$xTechnological innovations$xPeriodicals.
=650  \0$aSports sciences$vPeriodicals.
=650  \0$aHuman mechanics$vPeriodicals.
=650  \0$aAthletics$xEquipment and supplies$vPeriodicals.
=710  2\$aInternational Sports Engineering Association.
=776  1\$tSports engineering$x1369-7072
=859  \\$aELD$bejournal
=856  \\$31850-9999$uhttp://www.springer.com/gb/$xBLDSS
=856  40$uhttp://www.blackwell-synergy.com/member/institutions/issuelist.asp?journal=spe$z1998-2002
=856  40$uhttp://www.springerlink.com/content/120958/$z2003-
=859  \\$aXLD$bejournal
=852  41$aBritish Library$bHMNTS$jELD Digital store$3Volume 18:Issue 4(2015:Dec.)-
=852  41$aBritish Library$bDSC$j8419.834020$3Volume 11:Issue 1(2008)-Volume 21:Issue 1(2018)***See ESTAR for full holdings.
=945  \\$aSports engineering
=959  \\$fHeld but not currently received
=979  \\$aBritish Library$bDSC$j8419.834020
=CAT  \\$aCONV$b00$c20040425$lBLL90$h0849
=CAT  \\$aIPL-CLA$c20150630$lBLL01$h1640
=CAT  \\$aBATCH-UPD$b00$c20150820$lBLL01$h1830
=CAT  \\$aIPL-CLA$c20150930$lBLL01$h1756
=CAT  \\$a11433$b40$c20151114$lBLL01$h0819
=CAT  \\$aBATCH-UPD$b40$c20160217$lBLL01$h1719
=CAT  \\$aIPL-CLA$c20160331$lBLL01$h1715
=CAT  \\$aBATCH-UPD$b00$c20160524$lBLL01$h2208
=CAT  \\$aBATCH-UPD$b00$c20160525$lBLL01$h0005
=CAT  \\$aBATCH-UPD$b00$c20160824$lBLL01$h1748
=CAT  \\$aIPL-CLA$c20160930$lBLL01$h1555
=CAT  \\$aBATCH-UPD$b00$c20170216$lBLL01$h1835
=CAT  \\$aIPL-CLA$c20170331$lBLL01$h1837
=CAT  \\$aBATCH-UPD$b00$c20170904$lBLL01$h1843
=CAT  \\$aIPL-CLA$c20170929$lBLL01$h1721
=CAT  \\$aW1711-1005$c20171206$lBLL01$h1814
=CAT  \\$aBATCH-UPD$b00$c20180223$lBLL01$h1702
=CAT  \\$aIPL-CLA$c20180331$lBLL01$h1611
=CAT  \\$aW1805-0475$c20180520$lBLL01$h1631
=CAT  \\$aBATCH-UPD$b00$c20180524$lBLL01$h1707
=CAT  \\$aIPL-CLA$c20180630$lBLL01$h1912
=CAT  \\$aW1908-0780$b00$c20200730$lBLL01$h1322
=CAT  \\$aCDS21$c20220118$lBLL01$h1104
=CAT  \\$a5410$b40$c20221117$lBLL01$h1443
=CAT  \\$aBATCH-UPD$b40$c20221121$lBLL01$h1358
=CAT  \\$aIPL-CLA$c20221231$lBLL01$h1442
=CFI  0\$aCurrent copyright fee: GBP29.95$c22\1$e01-jan-2023$fGBP29.95$g0$hP$5Uk
=CFI  2\$aPrevious copyright fee: GBP34.00$c22\1$e01-jul-2018$fGBP34.00$g0$hP$5Uk
=FFP  \\$aY$bBLDSS-3PM
=FIN  \\$aY
=LEO  \\$aMP22.0000056237
=LKR  \\$aPAR$b007074517$lBLL01$r776$mSports engineering (Online)$nSports engineering (Print)
=MNI  \\$a1369-7072
=SID  \\$aZ39$bOCLC
=SRC  \\$aISN01$bbibmp22.200404.2.aa
=TCO  \\$aCLA$bCLA$c008
=TOC  \\$aETOC
=UNO  \\$aY
=ACF  \\$aPrevious copyright fee: GBP21.25$c22\1$e01-jan-2009$fGBP21.25$g0$hP$5Uk
=ACF  \\$aPrevious copyright fee: GBP16.75$c22\1$e01-oct-2008$fGBP16.75$g0$hP$5Uk
=ACF  \\$aPrevious copyright fee: GBP22.00$c22\1$e01-apr-2009$fGBP22.00$g0$hP$5Uk
=ACF  \\$aPrevious copyright fee: GBP22.00$c22\1$e12-aug-2012$fGBP22.00$g0$hP$5Uk
=ACF  \\$aPrevious copyright fee: GBP25.00$c22\1$e01-jan-2013$fGBP25.00$g0$hP$5Uk
=ACF  \\$aPrevious copyright fee: GBP25.77$c22\1$e01-jul-2013$fGBP25.77$g0$hP$5Uk
=ACF  \\$aPrevious copyright fee: GBP24.97$c22\1$e01-jan-2014$fGBP24.97$g0$hP$5Uk
=ACF  \\$aPrevious copyright fee: GBP24.21$c22\1$e01-jul-2014$fGBP24.21$g0$hP$5Uk
=ACF  \\$aPrevious copyright fee: GBP25.77$c22\1$e01-apr-2015$fGBP25.77$g0$hP$5Uk
=ACF  \\$aPrevious copyright fee: GBP26.63$c22\1$e01-jul-2015$fGBP26.63$g0$hP$5Uk
=ACF  \\$aPrevious copyright fee: GBP25.77$c22\1$e01-oct-2015$fGBP25.77$g0$hP$5Uk
=ACF  \\$aPrevious copyright fee: GBP27.55$c22\1$e01-apr-2016$fGBP27.55$g0$hP$5Uk
=ACF  \\$aPrevious copyright fee: GBP29.59$c22\1$e01-oct-2016$fGBP29.59$g0$hP$5Uk
=ACF  \\$aPrevious copyright fee: GBP31.96$c22\1$e01-apr-2017$fGBP31.96$g0$hP$5Uk
=ACF  \\$aPrevious copyright fee: GBP30.73$c22\1$e01-oct-2017$fGBP30.73$g0$hP$5Uk
=ACF  \\$aPrevious copyright fee: GBP28.54$c22\1$e01-apr-2018$fGBP28.54$g0$hP$5Uk
=LAS  \\$aIPL-CLA$b00$c20221231$lBLL01$h1442

